<?xml version="1.0" encoding="UTF-8"?><collection xmlns="http://www.loc.gov/MARC21/slim"><record><leader>00474nam--2200181-u-4500</leader><controlfield tag="001">000056474</controlfield><controlfield tag="002">20161230</controlfield><controlfield tag="005">20161230201052</controlfield><controlfield tag="008">151029s1000------------r-----000-0-rus-d</controlfield><datafield ind1=" " ind2=" " tag="040"><subfield code="a">IFIN-HH</subfield></datafield><datafield ind1=" " ind2=" " tag="041"><subfield code="a">rus</subfield></datafield><datafield ind1=" " ind2=" " tag="080"><subfield code="a">53</subfield></datafield><datafield ind1="1" ind2=" " tag="100"><subfield code="a">Klempner, K.S</subfield></datafield><datafield ind1="1" ind2="0" tag="245"><subfield code="a">Veroiatnostnii analiz pri proektirovanii radioizotopnih priborov</subfield><subfield code="c">K.s. klempner, i.m. ceresnicenko</subfield></datafield><datafield ind1=" " ind2=" " tag="260"><subfield code="a">Moskva</subfield><subfield code="b">Atomizdat</subfield><subfield code="c">1971</subfield></datafield><datafield ind1=" " ind2=" " tag="300"><subfield code="a">142P</subfield></datafield><datafield ind1="1" ind2=" " tag="700"><subfield code="a">Cerednicenko, I.M</subfield></datafield><datafield ind1=" " ind2=" " tag="852"><subfield code="a">36332</subfield></datafield></record></collection>